% @Article{Chen01,
%   author = "Yong-Sheng Chen and Yi-Ping Hung and Chiou-Shann Fuh",
%   title  = "Fast Block Matching Algorithm Based on the Winner-Update Strategy",
%   journal= "IEEE Transactions On Image Processing",
%   pages  = "1212--1222",
%   volume =   10,
%   number =    8,
%   year   = 2001,
% }
% 
% @Book{Serra93,
%   author    = "Jean Serra",
%   title     = "Image Analysis and Mathematical Morphology",
%   publisher = "Academic Press",
%   volume    =  1,
%   address   = "Oval Road, London, UK",
%   edition   = "4th",
%   year      =  1993,
% }
% 
% % Pokud potrebujeme BibTeXu napovedet, kde je nutne zachovat velka a mala 
% % pismena, je potreba pouzit slozene zavorky {}. 
% % Vetsinou jde o zkratky a vlastnich jmena, ktera nejsou na zacatku nazvu 
% % publikace, pripadne o nazvy maker (viz napr. makro \LaTeX).
% 
% @Misc{Weber04,
%   author = "Martin Weber",
%   title  = "Auto{T}race: {A} utility for converting bitmap into vector graphics",
%   note   = "\verb|http://autotrace.sourceforge.net|",
%   year   = 2004,
% }
% 
% @InProceedings{Weiss99,
%   author    = "Yair Weiss",
%   title     = "Segmentation using eigenvectors: {A} unifying view",
%   booktitle = "Processings of IEEE International Conference on Computer Vision",
%   editor    = "Kim Zheng",
%   pages     = "975--982",
%   year      =  1999,
% }
% 
% @InProceedings{Nam04,
%   author = 	  {Young Jin Nam and Chanik Park},
%   title = 	  {An efficient fair queuing algorithm for guaranteed disk bandwidth},
%   booktitle =     {Euro-Par 2004 Parallel Processing},
%   year =	  {2004},
%   editor =	  {M. Danelutto and D. Laforenza and M. Vanneschi},
%   month =	  {august},
%   series =	  {Lecture Notes in Computer Science},
%   number =	  3149,
%   pages =	  {799-802},
%   publisher =     {Springer Verlag, 2004},
% }
% 
% 
% % Nekdy musime dlouhe URL odkazy zalamovat rucne, jak je ukazano nize.
% % Vzdy ale uvedeme, kdy byla stranka naposledy aktualizovana, resp. pokud neni
% % uvedeno, datum, kdy jsme udaje z ni nacerpali.
% 
% @Misc{CSTUG,
%   key    = "web:cstug",
%   author = "",
%   title  = "{CSTUG} --- {\CS}{\TeX} {U}sers {G}roup --- hlavní stránka",
%   note   = "\\ \verb|http://www.cstug.cz/|, stav z 2.\,3.\,2009",
% }
% 
% @Misc{latexdocweb,
%   key    = "web:latexdocweb",
%   author = "",
%   title  = "{\LaTeX} --- online manuál",
%   note   = "\\ \verb|http://www.cstug.cz/latex/lm/frames.html|, stav ze 4.\,5.\,2009",
% }
% 
% 
% @Misc{infodp,
%   key    = "web:infodp",
%   author = "",
%   title  = "K336 {I}nfo --- pokyny pro psaní diplomových prací",
%   note   = "\\ \verb|https://info336.felk.cvut.cz/clanek.php?id=400|, stav ze 4.\,5.\,2009",
% }
% 
% @Misc{infobp,
%   key    = "web:infobp",
%   author = "",
%   title  = "K336 {I}nfo --- pokyny pro psaní bakalářských prací",
%   note   = "\\ \verb|https://info336.felk.cvut.cz/clanek.php?id=504|, stav ze 4.\,5.\,2009",
% }
% 
% %
% @Misc{ipe,
%   key    = "web:ipe",
%   author = "",
%   title  = "Grafický vektorový editor pro práce vhodný pro práci {\LaTeX}em",
%   note   = "\\ \verb|http://tclab.kaist.ac.kr/ipe/|, stav z 4.\,5.\,2009",
% }
% 
% @Misc{info,
%   key    = "web:info",
%   author = "",
%   title  = "K336 {I}nfo",
%   note   = "\\ \verb|  http://info336.felk.cvut.cz|, stav ze 4.\,5.\,2009",
% }
% 
% @Misc{latexutf,
%   key = "web:latexutf",
%   author = "",
%   title =  "Wiki Books {\LaTeX}/{I}nternationalization",
%   note =   "\\ \verb|http://en.wikibooks.org/wiki/LaTeX/Internationalization|, stav z 1.\,5.\,2009",
% }
% 
% 
% @Misc{latexwiki,
%   key    = "web:latexwiki",
%   author = "",
%   title  = "Wiki Books {\LaTeX}",
%   note   = "\\ \verb|http://en.wikibooks.org/wiki/LaTeX/|, stav z 3.\,4.\,2009",
% }
% 
% 
% @Misc{dp_jcu,
%   key = "web:dpjcu",
%   author =       "",
%   title =        "Pokyny pro psaní {DP} na {JČU}",
%   note =         "\\ \verb|http://home.pf.jcu.cz/~edpo/pravidla/pravidla.html|, stav z 8.\,12.\,2008",
% }
% 
% @Misc{dp_mendel,
%   key = "web:dpmendel",
%   author =       "",
%   title =        "Pokyny pro psaní {DP} na {M}endelově univerzitě v {B}rně",
%   note =         "\\ \verb|http://old.mendelu.cz/~rybicka/zpract/#diplomky|, stav z 1.\,2.\,2008",
% }
% 
% @COMMENT( The references below have first names abridged. Do not follow this,
% use full names whenever possible, BibTeX style will do the appropriate unifications. )
% 
% @Book{kniha,
%   author =       "J. Žára and B. Beneš and P. Felkel",
%   title =        "Moderní počítačová grafika",
%   publisher =    "Computer Press s.r.o, Brno",
%   edition =      "1st",
%   year   = 1998,
%   note =	"In Czech",
% }
% 
% @Article{clanek,
%   author =       "P. Slavík",
%   title =        "Grammars and Rewriting Systems as Models for Graphical User Interfaces",
%   journal =      "Cognitive Systems",
%   pages =        "381--399",
%   volume =       4,
%   number =       "3/4",
%   year =         1997,
% }
% 
% @COMMENT( It is always better to use TeX diacritical escape sequences, 
% e.g. {\'{L}}, in the bibliography database, making it encoding independent 
% and thus compilable under different document encoding settings. 
% Do not follow these examples! )
% 
% @InProceedings{sbornik,
%   author = 	  "M. Haindl and {\'{L}}. Kment and  P. Slavík",
%   title = 	  "Virtual Information Systems",
%   booktitle =     "WSCG'2000 --- Short communication papers",
%   year =	  2000,
%   pages =	  "22--27",
%   publisher =     "University of West Bohemia, Pilsen",
% }
% 
% @Misc{www,
%   key = "web:infogs",
%   author =       "",
%   title =        "Knihovna {G}rafické skupiny",
%   note =         "\\ \verb|http://www.cgg.cvut.cz/Bib/library/|, stav z 30.\,8.\,2001",
% }
% 
% 
% @COMMENT(Another example of www sources referencing, posted by Petr Dlouhy April 2010)
% 
% @ONLINE{wiki:framework,
%   author = "{Přispěvatelé Wikipedie}",
%   title = "Framework",
%   cited = "10.\,9.\,2009",
%   year =         2009,
%   url = "http://cs.wikipedia.org/wiki/Framework"
%   }
% 
% @ONLINE{wiki:orm,
%   author = "{Přispěvatelé Wikipedie}",
%   title = "Object-relational mapping",
%   cited = "6.\,12.\,2009",
%   year =         2009,
%   url = "http://en.wikipedia.org/wiki/Object-relational_mapping"
%   }





@ONLINE{wiki:arp,
  author = "{Přispěvatelé Wikipedie}",
  title = "Address Resolution Protocol",
  cited = "18.\,5.\,2010",
  year =  2010,
  url = "http://cs.wikipedia.org/wiki/Address_Resolution_Protocol"
  }

@ONLINE{wiki:referencni_model,
  author = "{Přispěvatelé Wikipedie}",
  title = "Referenční model ISO/OSI",
  cited = "19.\,5.\,2010",
  year =  2010,
  url = "http://cs.wikipedia.org/wiki/Referenční_model_ISO/OSI"
  }

@ONLINE{owebu:routovaci_tabulka,
  author = "{Martin Mikulec}",
  title = "Směrování v síti",
  cited = "18.\,5.\,2010",
  year =  2010,
  url = "http://owebu.bloger.cz/PC-site/Smerovani-v-siti-routovaci-tabulka-1-dil"
  }

@ONLINE{wiki:ethernet,
  author = "{Přispěvatelé Wikipedie}",
  title = "Ethernet",
  cited = "19.\,5.\,2010",
  year =  2010,
  url = "http://cs.wikipedia.org/wiki/Ethernet"
  }

@ONLINE{wiki:linkova_vrstva,
  author = "{Přispěvatelé Wikipedie}",
  title = "Linková vrstva",
  cited = "19.\,5.\,2010",
  year =  2010,
  url = "http://cs.wikipedia.org/wiki/Spojová_vrstva"
  }

@ONLINE{wiki:icmp,
  author = "{Přispěvatelé Wikipedie}",
  title = "Internet Control Message Protocol",
  cited = "19.\,5.\,2010",
  year =  2010,
  url = "http://cs.wikipedia.org/wiki/ICMP"
  }

@ONLINE{next_hop:,
  author = "{Bellevue Linux Users Group}",
  title = "Next Hop Definition",
  cited = "19.\,5.\,2010",
  year =  2010,
  url = "http://www.linfo.org/next_hop.html"
  }

@ONLINE{wiki:ifconfig,
  author = "{Přispěvatelé Wikipedie}",
  title = "Ifconfig",
  cited = "19.\,5.\,2010",
  year =  2010,
  url = "http://en.wikipedia.org/wiki/Ifconfig"
  }

@ONLINE{wiki:traceroute,
  author = "{Přispěvatelé Wikipedie}",
  title = "Traceroute",
  cited = "19.\,5.\,2010",
  year =  2010,
  url = "http://cs.wikipedia.org/wiki/Traceroute"
  }

@ONLINE{prikaz_ip,
  author = "{Jiří Kubina}",
  title = "ARP,TCP,IP utility -zjednodušeně a rychle",
  cited = "19.\,5.\,2010",
  year =  2010,
  url = "http://www.osu.cz/~jura/doc/arp_tcp_ip_utils.pdf"
  }

@ONLINE{wiki:packetTracer,
  author = "{Přispěvatelé Wikipedie}",
  title = "Packet tracer",
  cited = "19.\,5.\,2010",
  year =  2010,
  url = "http://cs.wikipedia.org/wiki/Packet_Tracer"
  }

@InProceedings{ resersni_bakalarka,
	author = "Ján Sousedek",
	title = "Bakalářská práce",
	booktitle = "Simulátor sítě ve výuce",
	year = 2007,
	pages = "1--49",
	publisher = "České vysoké učení technické v Praze",
	www = "https://dip.felk.cvut.cz/browse/pdfcache/sousej1_2007bach.pdf"
}

@InProceedings{ reserse:omnet_dp,
	author = "Jan Michek",
	title = "Diplomová práce",
	booktitle = "Emulátor počítačové sítě",
	year = 2008,
	pages = "1--78",
	publisher = "České vysoké učení technické v Praze",
	www = "https://dip.felk.cvut.cz/browse/details.php?f=F3\&d=K13136\&y=2008\&a=michej1\&t=dipl"
}

@ONLINE{wiki:,
  author = "{Přispěvatelé Wikipedie}",
  title = "",
  cited = "19.\,5.\,2010",
  year =  2010,
  url = ""
  }
@ONLINE{wiki:,
  author = "{Přispěvatelé Wikipedie}",
  title = "",
  cited = "19.\,5.\,2010",
  year =  2010,
  url = ""
  }
@ONLINE{wiki:,
  author = "{Přispěvatelé Wikipedie}",
  title = "",
  cited = "19.\,5.\,2010",
  year =  2010,
  url = ""
  }



