@Electronic{ iana,
	author = "{The Internet Assigned Numbers Authority}",
	title = "IANA IPv4 Address Space Registry",
	cited = "19.\,5.\,2010",
	year = 2010,
	url = "http://www.iana.org/assignments/ipv4-address-space/ipv4-address-space.xml"
}

@Electronic{ wiki:icmp,
	author = "{Přispěvatel{\'e} Wikipedie}",
	title = "ICMP",
	cited = "19.\,5.\,2010",
	year = 2010,
	url = "http://cs.wikipedia.org/wiki/ICMP"
}

@Electronic{ wiki:uml,
	author = "{Přispěvatel{\'e} Wikipedie}",
	title = "Unified Modeling Language",
	cited = "12.\,5.\,2010",
	year = 2010,
	url = "http://cs.wikipedia.org/wiki/UML"
}

@Electronic{ wiki:ip,
	author = "{Přispěvatel{\'e} Wikipedie}",
	title = "IP adresa",
	cited = "18.\,5.\,2010",
	year = 2010,
	url = "http://cs.wikipedia.org/wiki/IP_adresa"
}

@Electronic{ wiki:telnet,
	author = "{Přispěvatel{\'e} Wikipedie}",
	title = "Telnet",
	cited = "12.\,5.\,2010",
	year = 2010,
	url = "http://cs.wikipedia.org/wiki/Telnet"
}

@Electronic{ wiki:arp,
	author = "{Přispěvatel{\'e} Wikipedie}",
	title = "Address Resolution Protocol",
	cited = "14.\,5.\,2010",
	year = 2010,
	url = "http://cs.wikipedia.org/wiki/Address_Resolution_Protocol"
}

@Electronic{ wiki:framework,
	author = "{Přispěvatel{\'e} Wikipedie}",
	title = "Framework",
	cited = "10.\,9.\,2009",
	year = 2009,
	url = "http://cs.wikipedia.org/wiki/Framework"
}

@Electronic{ wiki:orm,
	author = "{Přispěvatel{\'e} Wikipedie}",
	title = "Object-relational mapping",
	cited = "6.\,12.\,2009",
	year = 2009,
	url = "http://en.wikipedia.org/wiki/Object-relational_mapping"
}

@Electronic{ wiki:ios,
	author = "{Přispěvatel{\'e} Wikipedie}",
	title = "Cisco IOS",
	cited = "16.\,5.\,2010",
	year = 2010,
	url = "http://cs.wikipedia.org/wiki/Soubor:Cisco-router-1.svg"
}

@Electronic{ cisco:nat,
	author = "{Cisco Systems, Inc.}",
	title = "How NAT Works",
	cited = "19.\,5.\,2010",
	year = 2010,
	url = "http://www.cisco.com/en/US/tech/tk648/tk361/technologies_tech_note09186a0080094831.shtml"
}

@Electronic{ cisco:druhy,
	author = "{Cisco Systems, Inc.}",
	title = "Configuring Network Address Translation: Getting Started",
	cited = "19.\,5.\,2010",
	year = 2010,
	url = "http://www.cisco.com/en/US/tech/tk648/tk361/technologies_tech_note09186a0080094e77.shtml"
}

@Electronic{ cisco:postup,
	author = "{Cisco Systems, Inc.}",
	title = "NAT Order of Operation",
	cited = "19.\,5.\,2010",
	year = 2010,
	url = "http://www.cisco.com/en/US/tech/tk648/tk361/technologies_tech_note09186a0080133ddd.shtml"
}

@Electronic{ cisco:snat_dnat,
	author = "{Cisco Systems, Inc.}",
	title = "Configuring Static and Dynamic NAT Simultaneously",
	cited = "19.\,5.\,2010",
	year = 2010,
	url = "http://www.cisco.com/en/US/tech/tk648/tk361/technologies_tech_note09186a0080093f31.shtml"
}

@Electronic{ cisco:icmp_codes,
	author = "{Cisco Systems, Inc.}",
	title = "Understanding the Ping and Traceroute Commands",
	cited = "19.\,5.\,2010",
	year = 2010,
	url = "http://www.cisco.com/en/US/products/sw/iosswrel/ps1831/products_tech_note09186a00800a6057.shtml"
}

@Electronic{ cisco:pt,
	author = "{Cisco Systems, Inc.}",
	title = "Cisco Packet Tracer",
	cited = "20.\,5.\,2010",
	year = 2010,
	url = "http://www.ciscopros.info/web/learning/netacad/course_catalog/PacketTracer.html"
}

@Electronic{ reserse:omnet_hp,
	author = "{OMNeT++ Community}",
	title = "OMNeT++ Community Site",
	cited = "20.\,5.\,2010",
	year = 2010,
	url = "http://www.omnetpp.org/"
}

@Electronic{ reserse:adventnet,
	author = "{ZOHO Corp.}",
	title = "Simulation Toolkit 7.0",
	cited = "20.\,5.\,2010",
	year = 2010,
	url = "http://www.webnms.com/simulator/index.html"
}

@Electronic{ reserse:boson,
	author = "{Boson Holdings, LLC.}",
	title = "Cisco Network Simulator \& Router Simulator",
	cited = "20.\,5.\,2010",
	year = 2010,
	url = "http://www.boson.com/AboutNetSim.html"
}

@Electronic{ reserse:dynamips,
	author = "{Christophe Fillot}",
	title = "Cisco 7200 Simulator",
	cited = "20.\,5.\,2010",
	year = 2010,
	url = "http://www.ipflow.utc.fr/index.php/Cisco_7200_Simulator"
}

@Electronic{ reserse:virtlab,
	author = "{Katedra informatiky FEI VŠB-TUO}",
	title = "Virtuální laboratoř počítačových sítí",
	cited = "20.\,5.\,2010",
	year = 2010,
	url = "http://www.cs.vsb.cz/vl-wiki/index.php/Virtuální_laboratoř_počítačových_sítí"
}

@InProceedings{ reserse:omnet_dp,
	author = "Jan Michek",
	title = "Diplomová práce",
	booktitle = "Emulátor počítačové sítě",
	year = 2008,
	pages = "1--78",
	publisher = "České vysoké učení technické v Praze",
	www = "https://dip.felk.cvut.cz/browse/details.php?f=F3\&d=K13136\&y=2008\&a=michej1\&t=dipl"
}

@Electronic{ new,
	author = "{}",
	title = "",
	cited = "20.\,5.\,2010",
	year = 2010,
	url = ""
}

@Electronic{ new,
	author = "{}",
	title = "",
	cited = "20.\,5.\,2010",
	year = 2010,
	url = ""
}


















\% "-----------------------------------------------------------------------------------------------"

@Article{ Chen01,
	author = "Yong-Sheng Chen and Yi-Ping Hung and Chiou-Shann Fuh",
	title = "Fast Block Matching Algorithm Based on the Winner-Update Strategy",
	journal = "IEEE Transactions On Image Processing",
	pages = "1212--1222",
	volume = 10,
	number = 8,
	year = 2001
}

@Book{ Serra93,
	author = "Jean Serra",
	title = "Image Analysis and Mathematical Morphology",
	publisher = "Academic Press",
	volume = 1,
	address = "Oval Road, London, UK",
	edition = "4th",
	year = 1993
}

\% Pokud potrebujeme BibTeXu napovedet, kde je nutne zachovat velka a mala 
\% pismena, je potreba pouzit slozene zavorky {}. 
\% Vetsinou jde o zkratky a vlastnich jmena, ktera nejsou na zacatku nazvu 
\% publikace, pripadne o nazvy maker (viz napr. makro \LaTeX).

@Misc{ Weber04,
	author = "Martin Weber",
	title = "Auto{T}race: {A} utility for converting bitmap into vector graphics",
	note = "\verb|http://autotrace.sourceforge.net|",
	year = 2004
}

@InProceedings{ Weiss99,
	author = "Yair Weiss",
	title = "Segmentation using eigenvectors: {A} unifying view",
	booktitle = "Processings of IEEE International Conference on Computer Vision",
	editor = "Kim Zheng",
	pages = "975--982",
	year = 1999
}

@InProceedings{ Nam04,
	author = "Young Jin Nam and Chanik Park",
	title = "An efficient fair queuing algorithm for guaranteed disk bandwidth",
	booktitle = "Euro-Par 2004 Parallel Processing",
	year = "2004",
	editor = "M. Danelutto and D. Laforenza and M. Vanneschi",
	month = "august",
	series = "Lecture Notes in Computer Science",
	number = 3149,
	pages = "799--802",
	publisher = "Springer Verlag, 2004"
}

\% Nekdy musime dlouhe URL odkazy zalamovat rucne, jak je ukazano nize.
\% Vzdy ale uvedeme, kdy byla stranka naposledy aktualizovana, resp. pokud neni
\% uvedeno, datum, kdy jsme udaje z ni nacerpali.

@Misc{ CSTUG,
	key = "web:cstug",
	author = "",
	title = "{CSTUG} --- {\CS}{\TeX} {U}sers {G}roup --- hlavn{\'i} str{\'a}nka",
	note = "\\ \verb|http://www.cstug.cz/|, stav z 2.\,3.\,2009"
}

@Misc{ latexdocweb,
	key = "web:latexdocweb",
	author = "",
	title = "{\LaTeX} --- online manu{\'a}l",
	note = "\\ \verb|http://www.cstug.cz/latex/lm/frames.html|, stav ze 4.\,5.\,2009"
}

@Misc{ infodp,
	key = "web:infodp",
	author = "",
	title = "K336 {I}nfo --- pokyny pro psan{\'i} diplomov{\'y}ch prac{\'i}",
	note = "\\ \verb|https://info336.felk.cvut.cz/clanek.php?id=400|, stav ze 4.\,5.\,2009"
}

@Misc{ infobp,
	key = "web:infobp",
	author = "",
	title = "K336 {I}nfo --- pokyny pro psan{\'i} bakal{\'a}řsk{\'y}ch prac{\'i}",
	note = "\\ \verb|https://info336.felk.cvut.cz/clanek.php?id=504|, stav ze 4.\,5.\,2009"
}

\%

@Misc{ ipe,
	key = "web:ipe",
	author = "",
	title = "Grafick{\'y} vektorov{\'y} editor pro pr{\'a}ce vhodn{\'y} pro pr{\'a}ci {\LaTeX}em",
	note = "\\ \verb|http://tclab.kaist.ac.kr/ipe/|, stav z 4.\,5.\,2009"
}

@Misc{ info,
	key = "web:info",
	author = "",
	title = "K336 {I}nfo",
	note = "\\ \verb| http://info336.felk.cvut.cz|, stav ze 4.\,5.\,2009"
}

@Misc{ latexutf,
	key = "web:latexutf",
	author = "",
	title = "Wiki Books {\LaTeX}/{I}nternationalization",
	note = "\\ \verb|http://en.wikibooks.org/wiki/LaTeX/Internationalization|, stav z 1.\,5.\,2009"
}

@Misc{ latexwiki,
	key = "web:latexwiki",
	author = "",
	title = "Wiki Books {\LaTeX}",
	note = "\\ \verb|http://en.wikibooks.org/wiki/LaTeX/|, stav z 3.\,4.\,2009"
}

@Misc{ dp_jcu,
	key = "web:dpjcu",
	author = "",
	title = "Pokyny pro psan{\'i} {DP} na {J\v{C}U}",
	note = "\\ \verb|http://home.pf.jcu.cz/~edpo/pravidla/pravidla.html|, stav z 8.\,12.\,2008"
}

@Misc{ dp_mendel,
	key = "web:dpmendel",
	author = "",
	title = "Pokyny pro psan{\'i} {DP} na {M}endelově univerzitě v {B}rně",
	note = "\\ \verb|http://old.mendelu.cz/~rybicka/zpract/\#diplomky|, stav z 1.\,2.\,2008"
}

@Comment{ The references below have first names abridged. Do not follow this,
use full names whenever possible, BibTeX style will do the appropriate unifications. }

@Book{ kniha,
	author = "J. \v{Z}{\'a}ra and B. Bene\v{s} and P. Felkel",
	title = "Modern{\'i} po\v{c}{\'i}ta\v{c}ov{\'a} grafika",
	publisher = "Computer Press s.r.o, Brno",
	edition = "1st",
	year = 1998,
	note = "In Czech"
}

@Article{ clanek,
	author = "P. Slav{\'i}k",
	title = "Grammars and Rewriting Systems as Models for Graphical User Interfaces",
	journal = "Cognitive Systems",
	pages = "381--399",
	volume = 4,
	number = "3/4",
	year = 1997
}

@Comment{ It is always better to use TeX diacritical escape sequences, 
e.g. {\'{L}}, in the bibliography database, making it encoding independent 
and thus compilable under different document encoding settings. 
Do not follow these examples! }

@InProceedings{ sbornik,
	author = "M. Haindl and {\'{L}}. Kment and P. Slav{\'i}k",
	title = "Virtual Information Systems",
	booktitle = "WSCG'2000 --- Short communication papers",
	year = 2000,
	pages = "22--27",
	publisher = "University of West Bohemia, Pilsen"
}

@Misc{ www,
	key = "web:infogs",
	author = "",
	title = "Knihovna {G}rafick{\'e} skupiny",
	note = "\\ \verb|http://www.cgg.cvut.cz/Bib/library/|, stav z 30.\,8.\,2001"
}

@Comment{Another example of www sources referencing, posted by Petr Dlouhy April 2010}

